%% This BibTeX bibliography file was created using BibDesk.
%% http://bibdesk.sourceforge.net/


%% Created for Mak at 2011-07-01 23:12:31 +0200 


%% Saved with string encoding Unicode (UTF-8) 


@misc{hosseini2019inceptioninspired,
    title={Inception-inspired LSTM for Next-frame Video Prediction},
    author={Matin Hosseini and Anthony S. Maida and Majid Hosseini and Gottumukkala Raju},
    year={2019},
    eprint={1909.05622},
    archivePrefix={arXiv},
    primaryClass={cs.CV}
}


@article{SpiegelWetter,
  author          = {Guido Mingels},
  title           = {Früher war alles schlechter - Wetterprognosen},
  journal         = {Spiegel},
  volume          = {},
  number          = {38},
  year            = {2016}
}
 @misc{dwdLeistungen,
   author       = {Deutscher Wetterdienst},
   title        = {RADOLAN (Radar-Online-Aneichung): Analysen der Niederschlagshöhen aus radar- und stationsbasierten Messungen im Echtzeitbetrieb},
   howpublished = {DWD},
   year         = {2020},
   note         = {https://www.dwd.de/DE/leistungen/radolan/radolan.html}
 }

@Misc{GoogleTrends,
  author = {Google Trends},
  title = {Google Trends for 'Flutter'},
  year = 2020,
  urldate = {2020-08-20},
  note={\url{https://trends.google.de/trends/explore?date=today 5-y&geo=DE&q=flutter}}
}

@Misc{DWDKurzbeschreibung,
  author = {DWD},
  title = {Radargestützte Analysen stündlicher Niederschlagshöhen im Echtzeitbetrieb für Deutschland (RADOLAN) und Mitteleuropa (RADOLAN-ME)},
  year = 2019,
  urldate = {2020-09-10},
  note={\url{https://www.dwd.de/DE/leistungen/radolan/radarniederschlagsprodukte/radolankurzbeschreibung_pdf.pdf?__blob=publicationFile&v=6}}
}



@article{DBLP:journals/corr/RonnebergerFB15,
  author    = {Olaf Ronneberger and
               Philipp Fischer and
               Thomas Brox},
  title     = {U-Net: Convolutional Networks for Biomedical Image Segmentation},
  journal   = {CoRR},
  volume    = {abs/1505.04597},
  year      = {2015},
  url       = {http://arxiv.org/abs/1505.04597},
  archivePrefix = {arXiv},
  eprint    = {1505.04597},
  timestamp = {Mon, 13 Aug 2018 16:46:52 +0200},
  biburl    = {https://dblp.org/rec/bib/journals/corr/RonnebergerFB15},
  bibsource = {dblp computer science bibliography, https://dblp.org}
}